@Book{cuda,
 author    = "Khronos OpenCL Working Group",
 title     = "The OpenCL Specification",
 year      =  2012,
}

@Book{khronosopencl,
 author    = "NVIDIA",
 title     = "NVIDIA CUDA C Programming Guide",
 year      =  2012,
}

@Book{ptx,
 author    = "NVIDIA",
 title     = "PARALLEL THREAD EXECUTION ISA VERSION 3.1",
 year      =  2012,
}

@Article{paulo,
	author = "Paulo Carlos Ferreira dos Santos",
	title = "Ferramentas de Extração de	 Informações de Desempenho em GPUs NVIDIA",
	year = 2012,
	school = "Universidade São Paulo"
}